<record><leader>00000cas a22000007a 4500</leader><controlfield tag="001">8762284</controlfield><controlfield tag="008">820910d19821983couen ne      0   a0eng d</controlfield><datafield ind1=" " ind2=" " tag="010"><subfield code="a">sn 83009356 </subfield></datafield><datafield ind1=" " ind2=" " tag="040"><subfield code="a">COW</subfield><subfield code="b">eng</subfield><subfield code="c">COW</subfield><subfield code="d">NSD</subfield><subfield code="d">NST</subfield><subfield code="d">CNQ</subfield><subfield code="d">IUL</subfield><subfield code="d">OCLCQ</subfield><subfield code="d">OCLCF</subfield><subfield code="d">OCLCO</subfield></datafield><datafield ind1=" " ind2=" " tag="012"><subfield code="i">9007</subfield><subfield code="m">1</subfield></datafield><datafield ind1="1" ind2=" " tag="022"><subfield code="a">0745-8967</subfield><subfield code="l">0745-8967</subfield><subfield code="2">1</subfield></datafield><datafield ind1="1" ind2=" " tag="029"><subfield code="a">AU@</subfield><subfield code="b">000025817474</subfield></datafield><datafield ind1=" " ind2=" " tag="032"><subfield code="a">697590</subfield><subfield code="b">USPS</subfield></datafield><datafield ind1=" " ind2=" " tag="042"><subfield code="a">msc</subfield><subfield code="a">nsdp</subfield></datafield><datafield ind1=" " ind2=" " tag="043"><subfield code="a">n-us-co</subfield></datafield><datafield ind1=" " ind2="0" tag="222"><subfield code="a">Western Colorado report</subfield></datafield><datafield ind1="0" ind2="0" tag="245"><subfield code="a">Western Colorado report.</subfield></datafield><datafield ind1=" " ind2=" " tag="260"><subfield code="a">[Durango, Colo.] :</subfield><subfield code="b">Ed and Betsy Marston,</subfield><subfield code="c">1982-1983.</subfield></datafield><datafield ind1=" " ind2=" " tag="300"><subfield code="a">2 v.</subfield></datafield><datafield ind1=" " ind2=" " tag="310"><subfield code="a">Biweekly (except 1st Aug. and 2nd Dec. issues)</subfield></datafield><datafield ind1="0" ind2=" " tag="362"><subfield code="a">Vol. 1, no. 1 (Mar. 1, 1982)-v. 2, no. 9 (July 8, 1983).</subfield></datafield><datafield ind1=" " ind2="0" tag="651"><subfield code="a">Colorado</subfield><subfield code="v">Newspapers.</subfield></datafield><datafield ind1=" " ind2="7" tag="655"><subfield code="a">Newspapers.</subfield><subfield code="2">fast</subfield><subfield code="0">(OCoLC)fst01423814</subfield></datafield><datafield ind1=" " ind2="7" tag="651"><subfield code="a">Colorado.</subfield><subfield code="2">fast</subfield><subfield code="0">(OCoLC)fst01210251</subfield></datafield><datafield ind1=" " ind2=" " tag="752"><subfield code="a">United States</subfield><subfield code="b">Colorado</subfield><subfield code="c">La Plata</subfield><subfield code="d">Durango.</subfield></datafield><datafield ind1="0" ind2="4" tag="785"><subfield code="t">High country news (Lander, Wyo.)</subfield><subfield code="w">(DLC)sn 79006232</subfield><subfield code="w">(OCoLC)3032858</subfield></datafield><datafield ind1=" " ind2=" " tag="850"><subfield code="a">CoFS</subfield><subfield code="a">UU</subfield></datafield></record>